<record><leader>00000cas a22000007a 4500</leader><controlfield tag="001">16809815</controlfield><controlfield tag="008">871005c18869999txuwr ne      0   a0eng d</controlfield><datafield ind1=" " ind2=" " tag="010"><subfield code="a">sn 87090907 </subfield></datafield><datafield ind1=" " ind2=" " tag="040"><subfield code="a">PPM</subfield><subfield code="b">eng</subfield><subfield code="c">PPM</subfield><subfield code="d">DLC</subfield><subfield code="d">OCL</subfield><subfield code="d">NSD</subfield><subfield code="d">OCLCQ</subfield></datafield><datafield ind1=" " ind2=" " tag="012"><subfield code="b">3</subfield><subfield code="m">1</subfield></datafield><datafield ind1=" " ind2=" " tag="019"><subfield code="a">14950087</subfield><subfield code="a">14950341</subfield></datafield><datafield ind1="1" ind2=" " tag="022"><subfield code="a">1071-0329</subfield><subfield code="l">1071-0329</subfield><subfield code="2">1</subfield></datafield><datafield ind1=" " ind2=" " tag="032"><subfield code="a">673480</subfield><subfield code="b">USPS</subfield></datafield><datafield ind1=" " ind2=" " tag="037"><subfield code="b">The Weimar Mercury, POB 277, Weimar, TX 78962</subfield></datafield><datafield ind1=" " ind2=" " tag="042"><subfield code="a">msc</subfield><subfield code="a">nsdp</subfield></datafield><datafield ind1=" " ind2="4" tag="222"><subfield code="a">The Weimar mercury</subfield></datafield><datafield ind1="0" ind2="4" tag="245"><subfield code="a">The Weimar mercury.</subfield></datafield><datafield ind1="0" ind2="0" tag="246"><subfield code="a">Mercury</subfield></datafield><datafield ind1=" " ind2=" " tag="260"><subfield code="a">Weimar, Tex. :</subfield><subfield code="b">Baker &amp; Brooks,</subfield><subfield code="c">1886-</subfield></datafield><datafield ind1=" " ind2=" " tag="300"><subfield code="a">v.</subfield></datafield><datafield ind1=" " ind2=" " tag="310"><subfield code="a">Weekly</subfield></datafield><datafield ind1="0" ind2=" " tag="362"><subfield code="a">Vol. 1, no. 1 (Dec. 20, 1886)-</subfield></datafield><datafield ind1=" " ind2=" " tag="500"><subfield code="a">Published as: Mercury, &lt;Aug. 7, 1914&gt;.</subfield></datafield><datafield ind1=" " ind2=" " tag="752"><subfield code="a">United States</subfield><subfield code="b">Texas</subfield><subfield code="c">Colorado</subfield><subfield code="d">Weimar.</subfield></datafield><datafield ind1="0" ind2="5" tag="780"><subfield code="t">Weimar gimlet</subfield><subfield code="w">(DLC)sn 86089227</subfield><subfield code="w">(OCoLC)14256988</subfield></datafield><datafield ind1=" " ind2=" " tag="936"><subfield code="a">Vol. 105, no. 28 (June 24, 1993) LIC</subfield></datafield></record>